// poesia
@Book{Magrelli2018,
  author    = {Magrelli, Valerio},
  publisher = {EINAUDI},
  title     = {Le cavie: Poesie 1980-2018},
  year      = {2018},
  doi       = {10.4000/rief.1850},
  issn      = {2240-7456},
}

@Book{Montale2018,
  author    = {Montale, Eugenio},
  publisher = {Mondadori},
  title     = {{SATURA}},
  year      = {2018},
  address   = {Milan, Italy},
  isbn      = {9788804700654},
}

@Book{Schoenberg2008,
  author    = {Sch{\"o}nberg, A. and Rognoni, L. and Manzoni, G.},
  publisher = {Il Saggiatore Tascabili},
  title     = {Manuale di armonia},
  year      = {2008},
  isbn      = {9788856500349},
  series    = {Saggi. Tascabili}
}


// articoli
@article{windback,
    author = {Lupone, Michelangelo and Bianchini, Laura and Lanzalone, Silvia and Gabriele, Alessio},
    title = "{Research at Rome's Centro Ricerche Musicali on Interactive and Adaptive Installations and on Augmented Instruments}",
    journal = {Computer Music Journal},
    volume = {44},
    number = {2-3},
    pages = {133-158},
    year = {2021},
    month = {07},
    issn = {0148-9267},
    doi = {10.1162/comj_a_00570}
}

// libri

@Book{Hirsch2012,
  author    = {Hirsch, Morris W. and Smale, Stephen and Devaney, Robert L.},
  publisher = {ACADEMIC PR INC},
  title     = {Differential Equations, Dynamical Systems, and an Introduction to Chaos},
  year      = {2012},
  isbn      = {0123820103},
  ean       = {9780123820105},
}

@Book{Feynman2020,
  author    = {Richard P. Feynman},
  editor    = {Jeffrey Robbins},
  publisher = {Adelphi},
  title     = {Il piacere di scoprire},
  year      = {2020},
  isbn      = {9788845935329},
  series    = {Gli Adelphi}

}

@InCollection{Nono1985,
  author    = {Nono, Luigi},
  booktitle = {Scritti e Colloqui I},
  publisher = {Ricordi LIM},
  title     = {Altre possibilit\`a di ascolto},
  year      = {1985},
  editor    = {De Benedictis, Angela Ida and Rizzardi, Veniero},
}

@Book{Candiani2021,
  author    = {Candiani, Chandra Livia},
  publisher = {Einaudi},
  title     = {Questo immenso non sapere. Conversazioni con alberi, animali e il cuore},
  year      = {2021},
}

@Book{Barthes2021,
  author    = {Roland Barthes},
  publisher = {L'Orma Editore},
  title     = {Cos'\`e uno scandalo. Scritti inediti 1933-1980. Testi su se stesso, l'arte, la scrittura e la societ\`a},
  year      = {2021},
}


// video

@Misc{Cacciari1995,
  author = {Cacciari, Massimo},
  title  = {Silenzio e ascolto nella musica di {L}uigi {N}ono},
  year   = {1995},
  url    = {https://youtu.be/ueA8xVE5WV8},
}

@Misc{Risset1995,
  author = {Risset, Jean-Claude},
  title  = {Music is meant to be heard: Perception is central in (my) computer music},
  year   = {1995},
  url    = {https://youtu.be/nOv30rHV7Ds},
}


@Comment{jabref-meta: databaseType:bibtex;}
